<record><leader>00000cas a22000007a 4500</leader><controlfield tag="001">15023831</controlfield><controlfield tag="008">861230d1894189uinuwr ne      0    0eng d</controlfield><datafield ind1=" " ind2=" " tag="010"><subfield code="a">sn 86059170 </subfield></datafield><datafield ind1=" " ind2=" " tag="040"><subfield code="a">NPI</subfield><subfield code="b">eng</subfield><subfield code="c">NPI</subfield><subfield code="d">OCLCQ</subfield></datafield><datafield ind1=" " ind2=" " tag="042"><subfield code="a">msc</subfield></datafield><datafield ind1="0" ind2="4" tag="245"><subfield code="a">The Monroe City globe.</subfield></datafield><datafield ind1=" " ind2=" " tag="260"><subfield code="a">Monroe City, Ind. :</subfield><subfield code="b">Will B. Carleton and Chas. T. Adams,</subfield><subfield code="c">1894-</subfield></datafield><datafield ind1=" " ind2=" " tag="310"><subfield code="a">Weekly</subfield></datafield><datafield ind1="0" ind2=" " tag="362"><subfield code="a">Vol. 1, no. [1] (Dec. 20, 1894)-</subfield></datafield><datafield ind1=" " ind2=" " tag="752"><subfield code="a">United States</subfield><subfield code="b">Indiana</subfield><subfield code="c">Knox</subfield><subfield code="d">Monroe City.</subfield></datafield></record>